@software{denisCreusot2023,
  title = {Creusot},
  author = {Denis, Xavier},
  date = {2023-02-27T20:10:47Z},
  origdate = {2021-01-25T15:49:30Z},
  url = {https://github.com/xldenis/creusot},
  urldate = {2023-02-27},
  abstract = {deductive verification of Rust code. (semi) automatically prove your code satisfies your specifications!},
  keywords = {deductive-reasoning,formal-methods,formal-verification,proof,rust,rust-lang,verification,why3}
}

@incollection{denisCreusotFoundryDeductive2022,
  title = {Creusot: {{A Foundry}} for the {{Deductive Verification}} of {{Rust Programs}}},
  shorttitle = {Creusot},
  booktitle = {Formal {{Methods}} and {{Software Engineering}}},
  author = {Denis, Xavier and Jourdan, Jacques-Henri and Marché, Claude},
  editor = {Riesco, Adrian and Zhang, Min},
  date = {2022},
  series = {Lecture {{Notes}} in {{Computer Science}}},
  volume = {13478},
  pages = {90--105},
  publisher = {{Springer International Publishing}},
  location = {{Cham}},
  doi = {10.1007/978-3-031-17244-1_6},
  url = {https://link.springer.com/10.1007/978-3-031-17244-1_6},
  urldate = {2023-02-27},
  isbn = {978-3-031-17243-4 978-3-031-17244-1},
  langid = {english},
  file = {/Users/ashton/Zotero/storage/42P25M2D/Denis et al. - 2022 - Creusot A Foundry for the Deductive Verification .pdf}
}

@software{Kani2023,
  title = {Kani},
  date = {2023-02-27T13:14:23Z},
  origdate = {2021-03-26T18:49:50Z},
  url = {https://github.com/model-checking/kani},
  urldate = {2023-02-27},
  abstract = {Kani Rust Verifier},
  organization = {{model-checking}},
  keywords = {model-checking,rust,verification}
}

@software{skotamCreuSAT2023,
  title = {{{CreuSAT}}},
  author = {Skotåm, Sarek Høverstad},
  date = {2023-02-19T11:18:57Z},
  origdate = {2021-08-24T15:59:24Z},
  url = {https://github.com/sarsko/CreuSAT},
  urldate = {2023-02-27},
  abstract = {CreuSAT - A formally verified SAT solver written in Rust and verified with Creusot.},
  keywords = {automated-reasoning,deductive-reasoning,formal-methods,formal-verification,minisat,proof,rust,rust-lang,sat,sat-solver,satisfiability,verification}
}
